@article{definitionSCP,
	author = {Hage, Jurriaan and Rademaker, Peter and Vugt, Nik√®},
	year = {2011},
	month = {04},
	pages = {33-46},
	title = {Plagiarism detection for Java: a tool comparison},
	journal = {}
}

@article{plagEduIncr,
	author = {Hammond M.},
	year = {2004},
	month = {06},
	pages = {257-264},
	title = {Cyber plagiarism: are FE
	students getting away with words.
	Plagiarism: Prevention, Practice and Policies
	2004 Conference;},
	journal = {}
}

@article{novak,
	author = {Novak, Matija and Joy, Mike and Kermek, Dragutin},
	year = {2019},
	month = {05},
	pages = {1-37},
	title = {Source-code Similarity Detection and Detection Tools Used in Academia: A Systematic Review},
	volume = {19},
	journal = {ACM Transactions on Computing Education},
	doi = {10.1145/3313290}
}

@article{donaldson,
	author = {John L. Donaldson, Ann-Marie Lancaster and Paula H. Sposato},
	year = {1981},
	month = {02},
	pages = {21-25},
	title = {A plagiarism detection system},
	volume = {19},
	journal = {ACM Transactions on Computing Education},
	doi = {10.1145/800037.800955}
}

@article{schiller,
	author = {Schiller R M.},
	year = {2011},
	month = {04},
	pages = {1058-1062},
	title = {A plagiarism detection system},
	volume = {105(7)},
	journal = {Journal of the American Dietetic
Association}
}

@article{bennett,
	author = {Bennett R.},
	year = {2005},
	pages = {137-162},
	title = {Factors associated with student
plagiarism in a post-1992 university.},
	volume = {30(2)},
	journal = {Assessment and Evaluation in Higher
Education 2005}
}

@article{joyUndLuck,
	author = {M. Joy and M. Luck},
	year = {1999},
	pages = {137-162},
	title = {Plagiarism in programming assignments},
	volume = {42(2)},
	journal = {IEEE Trans. Educ.},
	doi = {10.1109/13.762946}
}

@misc{vennDiagram,
  AUTHOR="{Wikipedia}",
  title="Letter (alphabet)",
  NOTE="{Available online: \url{https://en.wikipedia.org/wiki/Letter_(alphabet)}, last retrieved 01.02.2020}"
}

@misc{hangul,
  AUTHOR="{Compart}",
  title="Unicode Character U+3164",
  NOTE="{Available online: \url{https://www.compart.com/en/unicode/U+3164}, last retrieved 01.02.2020}"
}

@misc{copyleaks,
  AUTHOR="{Copyleaks}",
  title="Plagiarism detection Tool - Copyleaks",
  NOTE="{Available online: \url{https://copyleaks.com/compare}, last retrieved 02.02.2020}"
}

@misc{diffchecker,
  AUTHOR="{DiffChecker}",
  title="Plagiarism detection Tool - DiffChecker",
  NOTE="{Available online: \url{https://www.diffchecker.com/}, last retrieved 02.02.2020}"
}

@article{plagiarismIssues,
author = {Culwin, Fintan and Lancaster, Thomas},
year = {2001},
month = {06},
pages = {},
title = {Plagiarism issues for higher education},
volume = {31},
journal = {VINE},
doi = {10.1108/03055720010804005}
}

@misc{plainTextPlag,
  AUTHOR="{ESSAY GUARD}",
  title="HOW TO CHEAT PLAGIARISM DETECTION SOFTWARE",
  NOTE="{Available online: \url{https://essayguard.com/how-to-cheat-plagiarism-detection-software}, last retrieved 02.02.2020}"
}

@misc{plainTextPlag2,
  AUTHOR="{QUORA}",
  title="Is there a way to fool Turnitin?",
  NOTE="{Available online: \url{https://www.quora.com/Is-there-a-way-to-fool-Turnitin}, last retrieved 02.02.2020}"
}





























